<?xml version="1.0" encoding="UTF-8"?><collection xmlns="http://www.loc.gov/MARC21/slim"><record><leader>00382nam--2200133-i-4500</leader><controlfield tag="001">000015018</controlfield><controlfield tag="002">20161230</controlfield><controlfield tag="005">20161230201031</controlfield><controlfield tag="008">060222s1000------------r-----000-0-eng-d</controlfield><datafield ind1=" " ind2=" " tag="080"><subfield code="a">621.52:539.231(061.3)</subfield></datafield><datafield ind1=" " ind2=" " tag="245"><subfield code="a">1963 transactions of the tenth national vacuum society</subfield></datafield><datafield ind1=" " ind2=" " tag="260"><subfield code="a">New York, The Macmillan Company, 1963. Xxi + 509 P</subfield></datafield><datafield ind1=" " ind2=" " tag="700"><subfield code="a">Bancroft, George H</subfield></datafield><datafield ind1=" " ind2=" " tag="852"><subfield code="a">12835</subfield></datafield></record></collection>